<?xml version="1.0" encoding="UTF-8"?><record xmlns="http://www.loc.gov/MARC21/slim" xmlns:cinclude="http://apache.org/cocoon/include/1.0" xmlns:zs="http://www.loc.gov/zing/srw/">
  <leader>00528cz  a2200145n  4500</leader>
  <controlfield tag="001">n  92108400 </controlfield>
  <controlfield tag="003">DLC</controlfield>
  <controlfield tag="005">20120810084054.0</controlfield>
  <controlfield tag="008">921105n| acannaab           |a aaa      </controlfield>
  <datafield tag="010" ind1=" " ind2=" ">
    <subfield code="a">n  92108400 </subfield>
  </datafield>
  <datafield tag="040" ind1=" " ind2=" ">
    <subfield code="a">DLC</subfield>
    <subfield code="b">eng</subfield>
    <subfield code="c">DLC</subfield>
    <subfield code="d">DLC</subfield>
  </datafield>
  <datafield tag="100" ind1="0" ind2=" ">
    <subfield code="a">Rungʻarun Na Sonthayā.</subfield>
    <subfield code="t">Rœ̄ng ram cham dư̄an chāi.</subfield>
    <subfield code="l">English &amp; Thai</subfield>
  </datafield>
  <datafield tag="400" ind1="0" ind2=" ">
    <subfield code="a">Rungʻarun Na Sonthayā.</subfield>
    <subfield code="t">Friendly Hill</subfield>
  </datafield>
  <datafield tag="667" ind1=" " ind2=" ">
    <subfield code="a">THIS 1XX FIELD CANNOT BE USED UNDER RDA UNTIL THIS RECORD HAS BEEN REVIEWED AND/OR UPDATED</subfield>
  </datafield>
  <datafield tag="670" ind1=" " ind2=" ">
    <subfield code="a">His Rœ̄ng ram cham dư̄an chāi, 1984.</subfield>
  </datafield>
</record>